

,-------------------.
|     PREAMBLE      |
`-------------------'

@preamble{ "\providecommand{\noopsort}[1]{}
           \providecommand{\singleletter}[1]{#1}
           \providecommand{\noopsort}[1]{}
           \providecommand{\singleletter}[1]{#1} "
}

,-------------------.
|  BIBTEX ENTRIES   |
`-------------------'

@article{blanchardFinite,
  author =        {Blanchard, Olivier J.},
  journal =       {Journal of Political Economy},
  month =         {April},
  number =        {2},
  pages =         {223--247},
  title =         {Debt, Deficits, and Finite Horizons},
  volume =        {93},
  year =          {1985},
}

@article{calvoPrices,
  author =        {Calvo, Guillermo A.},
  journal =       {Journal of Monetary Economics},
  number =        {3},
  pages =         {383--98},
  title =         {Staggered Contracts in a Utility-Maximizing
                   Framework},
  volume =        {12},
  year =          {1983},
}

